<?xml version="1.0" encoding="UTF-8"?><collection xmlns="http://www.loc.gov/MARC21/slim"><record><leader>00749nam--2200229-u-4500</leader><controlfield tag="001">000053066</controlfield><controlfield tag="002">20161230</controlfield><controlfield tag="005">20161230201050</controlfield><controlfield tag="008">110104s1000------------r-----000-0-eng-d</controlfield><datafield ind1=" " ind2=" " tag="020"><subfield code="a">9810239254</subfield></datafield><datafield ind1=" " ind2=" " tag="040"><subfield code="a">IFIN-HH</subfield></datafield><datafield ind1=" " ind2=" " tag="080"><subfield code="a">530.1:538.9</subfield></datafield><datafield ind1="1" ind2=" " tag="100"><subfield code="a">Brankov, Jordan G</subfield></datafield><datafield ind1="1" ind2="0" tag="245"><subfield code="a">Theory of critical phenomena in finite-size systems</subfield><subfield code="b">Scaling and quantum effects</subfield><subfield code="c">Jordan g. brankov; daniel m. danchev; nicholao s. tonchev</subfield></datafield><datafield ind1=" " ind2=" " tag="260"><subfield code="a">Singapore</subfield><subfield code="b">World Scientific</subfield><subfield code="c">2000</subfield></datafield><datafield ind1=" " ind2=" " tag="300"><subfield code="a">439P</subfield></datafield><datafield ind1=" " ind2=" " tag="490"><subfield code="a">Series In Modern Condensed Matter Physics</subfield><subfield code="v">Vol. 9</subfield></datafield><datafield ind1=" " ind2="4" tag="650"><subfield code="a">Critical Phenomena (Physics)</subfield></datafield><datafield ind1=" " ind2="0" tag="650"><subfield code="a">Finite Size Scaling (Physics)</subfield></datafield><datafield ind1="1" ind2=" " tag="700"><subfield code="a">Tonchev, Nicholai S</subfield></datafield><datafield ind1=" " ind2=" " tag="852"><subfield code="a">81909</subfield><subfield code="c">538.9</subfield></datafield><datafield ind1=" " ind2=" " tag="CAT"><subfield code="a">Sys</subfield><subfield code="c">20110104</subfield><subfield code="h">135820</subfield></datafield></record></collection>